3126 4892
423 359 597 472 obcursu
623 421 785 472 snouum
812 423 884 472 nra.
909 425 963 474 ιιι.
986 411 1065 488 (57.)
1207 409 1293 478 5185

202 559 339 630 spponam‘,
359 571 389 614 ut
411 567 528 628 apertius
550 565 596 616 fiat
617 573 676 617 ntro
695 581 727 616 es
766 568 906 618 rouelibro
918 569 1005 630 tertio,
1022 567 1090 618 unde
1108 569 1134 619 id
1150 571 1293 624 Columella

202 641 302 691 draobus
313 642 394 692 modis
406 643 543 704 legendum
562 643 605 706 sit,
619 643 727 706 piscium
767 645 905 701 transtulit,
918 651 970 694 tutu
984 661 1015 694 ex
1028 645 1114 696 Plinio
1124 648 1148 696 iu
1160 647 1211 697 fisse
1223 651 1294 714 capl-

202 725 231 766 ut
243 717 364 774 Badaeuu,
375 733 407 767 un
418 720 503 782 pisces,
517 729 545 768 ut
564 735 612 783 ego
624 721 725 770 seatio:
767 719 801 768 tis
822 720 1007 782 precedentis:
1027 721 1093 770 udde
1105 724 1194 786 etium,
1206 725 1227 774 si
1240 727 1293 788 plu·

201 795 447 859 ‘Hirins,'·inqnit,
474 797 589 848 ‘circum
617 797 728 860 piscinas
765 803 818 856 cet,
835 796 1014 846 estosobio
1032 797 1214 850 Saturnalium.
1234 801 1294 850 Piu-

201 887 302 922 suuseu
321 871 436 922 edificiis
452 872 571 922 duodena
589 878 728 921 mnesteu—
765 871 825 920 tlau.
858 872 1022 922 llluraeaurum
1039 873 1158 924 uicarium
1173 875 1294 938 priuatum

201 947 265 996 tium
276 947 405 1011 cupiebat.
439 949 503 997 Earn
515 963 615 998 ornnem
631 933 728 998 meroe·
765 947 910 1009 excogitauit
926 950 955 996 C·
974 948 1075 998 Hirrius
1092 955 1149 998 ante
1167 951 1236 1012 ulios,
1253 955 1294 1013 qui

201 1022 348 1085 demessis,
365 1037 428 1086 quus
439 1024 518 1076 dabat
533 1024 656 1088 piscibus,
668 1039 728 1073 con·
765 1023 837 1072 canu
852 1024 1034 1087 triumplialibus
1044 1025 1149 1075 Caesaris
1167 1029 1292 1076 dictatoris

202 1101 327 1152 sumebat.
362 1101 419 1151 Nec
430 1103 599 1154 mirun1:uao
612 1111 729 1166 tempore
765 1116 809 1152 seu
826 1103 903 1152 millio
917 1118 1013 1153 numero
1037 1119 1195 1154 murmurum
1212 1112 1294 1155 mutua

202 1177 270 1225 enirn
282 1176 385 1226 memini
401 1178 730 1228 bunoCaesarivr.n1.mu·
765 1179 891 1241 appendit:
908 1194 963 1228 uum
969 1187 1104 1242 permutare
1114 1181 1206 1244 quidem
1214 1184 1294 1246 pretio

200 1265 328 1304 reensruns
345 1260 434 1302 mutua
453 1253 554 1304 dedisse
572 1254 598 1303 in
620 1255 730 1318 pondus,
765 1255 841 1306 uoluit
852 1257 1021 1308 utueemerce.
1038 1256 1294 1322 tlajasvittamuura

200 1337 229 1379 et
255 1335 364 1392 propter
396 1330 728 1393 pisciummultitudiuem
765 1345 836 1394 quom
857 1331 1004 1393 moticensi)
1030 1333 1171 1394 puodmgies
1196 1335 1294 1396 plausa

200 1405 357 1470 quadragies
372 1407 520 1457 sestertium
532 1407 618 1457 villana
636 1408 729 1458 vaents-
765 1406 932 1470 medicea-um]
964 1408 1007 1457 lta
1028 1416 1099 1460 recte
1125 1410 1247 1466 Bndaeus,
1266 1418 1295 1461 et

201 1480 247 1530 se.'
279 1480 413 1530 Hactenus
423 1483 515 1532 Varro.
534 1483 729 1546 Excnjusser·
765 1496 864 1534 summa
875 1490 916 1538 est
927 1493 1065 1536 centenum
1074 1485 1180 1537 millium
1193 1488 1295 1552 Philip·

199 1555 240 1606 bis
257 1555 398 1619 colligitur,
415 1556 449 1607 ob
468 1559 553 1621 pisces
571 1573 730 1616 numerosos,
766 1573 844 1620 pensu
864 1559 905 1607 rel
922 1567 1090 1610 scutatorum.
1123 1561 1176 1611 Sed
1199 1559 1294 1613 acriter

201 1644 253 1679 nun
274 1631 393 1694 piscinas,
413 1631 500 1682 sillum
522 1633 591 1684 liirli
619 1635 728 1684 vonisse
766 1635 931 1700 eirepngust
950 1637 1097 1693 Pintiunns,
1115 1637 1295 1703 legiqoo·sult

200 1707 278 1759 tanti.
310 1707 454 1770 Praeterea,
466 1710 488 1758 si
500 1716 529 1760 ut
546 1710 583 1760 ait
596 1710 687 1768 Varro,
696 1725 729 1761 cx
763 1713 850 1776 pissas,
869 1727 921 1763 uou
939 1714 1045 1777 piscium
1078 1716 1188 1766 ‘Potuit
1208 1716 1294 1772 euim!

200 1783 319 1834 aediliciis
335 1786 506 1848 quae·oircnm
527 1787 638 1850 precluus
655 1797 730 1838 eruut
766 1789 859 1854 iuquit,
875 1796 883 1819 ¹
897 1791 972 1840 unica
991 1791 1091 1854 piscius
1114 1792 1201 1842 villum
1227 1795 1295 1843 tanti

201 1859 322 1910 duodena
333 1873 364 1909 ar.
380 1861 526 1912 sestertium
541 1862 631 1912 Hirlus
642 1864 729 1928 cupie-
767 1865 889 1929 vendere,
910 1874 938 1916 et
955 1876 1062 1929 possunt
1081 1869 1106 1916 iu
1125 1883 1174 1918 uns
1192 1876 1295 1920 tuntum

202 1936 256 1992 bat.
268 1937 465 2002 insumebutqne
477 1939 607 2001 pascenda
617 1940 727 2003 egregio
768 1942 865 2005 piscius
876 1942 950 1992 multi
965 1957 1022 1992 esse
1034 1951 1062 1992 et
1073 1958 1172 2007 mugnus
1184 1946 1295 1997 tuuutIo·

202 2011 245 2061 illo
257 2023 423 2075 peoore‚qns
441 2013 543 2062 rutlonc
563 2013 728 2078 piscinseillae
767 2017 806 2066 nis
825 2016 926 2079 pisces.'
959 2017 1026 2066 Vide
1047 2017 1162 2068 Gronov.
1180 2018 1214 2068 de
1236 2021 1295 2069 Sus·

202 2096 283 2138 tuntas
300 2089 477 2142 estimationis
495 2089 572 2138 simul
589 2104 648 2139 cusu
668 2091 730 2141 villu
768 2090 852 2141 tertiis
864 2105 890 2154 p.
901 2095 1026 2141 bunost.

200 2163 324 2214 mediocri
344 2164 438 2228 pretio,
457 2163 623 2228 qnsrlrupiss-
633 2173 729 2215 suster·
801 2167 879 2222 Quoue
889 2167 1014 2230 tumbam]
1023 2167 1151 2218 Minorem
1162 2169 1295 2218 mediocri.

202 2240 277 2303 tium,
287 2241 337 2290 hoo
351 2247 390 2290 est
401 2241 472 2290 mille
486 2254 622 2291 aureorum
633 2243 729 2294 venire
767 2243 851 2294 Doleo.

200 2317 360 2381 potueruut?
376 2317 428 2366 Sed
438 2330 490 2366 nou
508 2317 641 2368 universus
658 2318 730 2370 (licet
800 2317 869 2368 Cur.
880 2331 934 2369 svs.
952 2320 1145 2370 Daeooileurum
1156 2320 1262 2379 uimriis,
1284 2345 1287 2354 =

201 2395 257 2458 quis
268 2394 337 2443 llirii
355 2394 470 2457 piscinas
488 2409 547 2445 cum
564 2397 625 2445 villu
642 2397 730 2447 scudi-
864 2401 888 2444 et
900 2395 1053 2460 puisprimus
1064 2397 1180 2446 instituit.
1288 2407 1291 2414 ·

201 2478 250 2527 tus,
260 2469 307 2520 sesi
317 2471 417 2534 eliquat
428 2483 526 2521 eurum.
560 2471 672 2522 'l'untnm
685 2473 730 2522 ub·
801 2472 952 2522 Goelslearum
969 2473 1075 2537 uenus]
1093 2473 1234 2524 vtetevm.
1255 2479 1294 2526 ³9.

201 2555 282 2596 estat
302 2560 348 2596 eos
366 2546 472 2610 probem
490 2547 533 2612 qul
550 2546 589 2596 ita
606 2549 730 2616 sentiant,
768 2547 844 2598 Item.
1289 2575 1292 2582 ·

201 2631 232 2672 nt
242 2623 322 2673 mirer
333 2622 419 2685 potins
431 2623 661 2688 stteutupisoium,
672 2639 729 2688 qum
801 2623 935 2687 Sapuratim
945 2629 973 2673 ut
982 2629 1058 2674 euml
1066 2623 1126 2674 otta
1137 2626 1221 2688 queca'u
1231 2625 1295 2674 Rea·

201 2699 252 2749 illis
263 2698 422 2762 temporibus
434 2705 499 2760 erat,
510 2700 608 2762 ingesti
619 2701 731 2751 aestima·
768 2700 821 2750 tino
832 2717 891 2763 agro
901 2702 1040 2765 umcuutur]
1057 2702 1209 2765 Legeudum
1224 2703 1295 2752 sidc-

203 2778 285 2837 tionu,
303 2774 406 2824 unicum
422 2775 499 2822 etism
517 2775 653 2838 pissinam,
672 2791 730 2828 cum
769 2782 811 2825 tor
827 2777 920 2840 albulae,
931 2791 983 2826 non
1002 2777 1070 2832 albem
1082 2791 1114 2825 ex
1134 2777 1200 2840 ipro,
1218 2791 1294 2841 quem

202 2851 264 2901 villu
283 2858 513 2916 quantumcunque
530 2851 666 2915 mediocri,
679 2860 732 2904 tura
767 2852 793 2900 in
804 2851 855 2900 fine
869 2852 962 2916 cupitis
979 2852 1117 2915 profitetur
1134 2853 1217 2916 sequi,
1229 2853 1295 2901 Var-

201 2928 296 2991 exigno
323 2926 413 2990 precio
446 2927 562 2977 venulern
590 2930 731 2982 inventum.
768 2940 831 2978 rone
853 2928 919 2977 libro
940 2929 1030 2989 tertio,
1051 2929 1137 2990 cupite
1159 2927 1293 2977 cochleis:

201 3002 352 3054 Macrobius
380 3014 453 3065 vero,
475 3003 518 3066 qni
541 3003 618 3054 aliter
642 3007 731 3072 scatit,
768 3002 961 3064 ’(Ῑοιιειιῖιίῑι
978 3003 1294 3065 ὀοοὶιΙειιιιιιιιιιιιιιρΙιι-

202 3093 256 3128 rem
269 3093 320 3128 non
331 3085 456 3128 soonratc
471 3079 621 3142 perpendit,
629 3087 659 3130 ut
677 3081 731 3146 ple·
769 3092 806 3136 ra,
819 3087 848 3128 ut
866 3079 982 3134 minuto,
999 3078 1101 3135 albulae,
1115 3092 1171 3142 quus
1183 3075 1295 3128 afferun-

202 3169 282 3220 ruqnc
295 3154 355 3216 slis,
370 3153 404 3202 de
423 3152 514 3218 quibus
534 3154 566 3204 lis
585 3156 677 3206 homiui
693 3158 731 3207 iu·
769 3163 811 3204 tur
822 3169 837 3203 e
849 3153 975 3205 licutino!
993 3154 1102 3203 Pintiau.

202 3231 274 3282 teudi
284 3245 336 3281 nou
353 3229 449 3294 injuris
459 3239 564 3293 posser3
582 3233 731 3284 mendosum
790 3233 877 3296 cuju
886 3233 947 3282 artis
961 3231 1040 3294 gloria
1050 3231 1076 3280 iu
1087 3245 1139 3280 eam
1150 3232 1294 3294 maguitudi-

202 3309 270 3358 eulm
286 3307 364 3358 Plinii
380 3306 511 3369 exemplar
521 3315 613 3357 nectus
625 3310 651 3357 in
662 3324 731 3360 erro·
767 3324 829 3370 nem,
840 3310 895 3374 tra]
914 3307 1029 3371 [legend.
1049 3306 1116 3366 auius
1137 3308 1200 3354 artis
1216 3307 1294 3368 gloria

203 3395 258 3435 rem
277 3387 333 3449 lpse
350 3385 500 3448 bonusest,
519 3391 548 3433 et
564 3384 731 3436 Hermolaum
767 3386 853 3435 ineam
863 3384 1052 3448 magtsitudiuens
1059 3383 1229 3445 peruastauut
1243 3389 1295 3431 orto

202 3476 255 3512 nnu
273 3474 360 3510 secum
378 3459 467 3510 trsxlt.
502 3460 597 3510 Psrcm
615 3462 732 3513 invenies
768 3463 909 3524 puoslmtes
930 3459 1222 3520 implerent-siugulorum
1236 3459 1294 3508 cali·

203 3536 229 3586 iu
242 3535 386 3586 &tumulis
400 3534 536 3594 mendonis
552 3549 610 3584 nuru
622 3536 666 3586 ubl
683 3538 732 3601 pis-
768 3551 816 3597 ces,
825 3540 908 3586 auctor
918 3539 954 3584 est
962 3535 999 3583 M.
1011 3535 1095 3584 Varro.
1112 3535 1179 3584 Vide
1188 3533 1295 3584 Salmas.

203 3629 241 3663 ces
251 3611 328 3662 scribi
346 3609 448 3673 debuit,
462 3610 554 3674 piscium
570 3610 635 3662 falso
650 3613 732 3676 scrip·
770 3611 881 3661 nuno.
1288 3625 1291 3635 ·

205 3697 260 3739 tum
269 3696 321 3740 est:
341 3686 503 3743 ‘Attumem’
520 3687 731 3752 impollutum.
802 3687 871 3736 Cur.
889 3697 956 3734 ινιι.
987 3685 1029 3735 De
1037 3685 1141 3749 piscibus
1153 3689 1263 3738 terreris.

193 3765 314 3815 “iisdem
346 3763 515 3825 temporibus,
545 3763 639 3828 quibus
665 3765 732 3815 buno
802 3761 910 3810 Piscium
927 3775 1017 3822 genem
1037 3763 1165 3812 minumum
1185 3780 1201 3814 a
1224 3766 1296 3815 Tlieo‘·

205 3838 422 3891 commemorabat
471 3839 555 3888 Verso
593 3840 732 3903 luxuriem,
766 3839 864 3902 pluasto
878 3839 943 3912 miro
960 3837 1105 3902 produntur]
1145 3841 1242 3890 Libello
1263 3841 1297 3890 de

204 3917 316 3968 mustene
338 3913 493 3964 tundebatur
511 3914 635 3965 severitus
655 3916 731 3967 Cato·
768 3915 890 3979 piscibus.
918 3913 977 3964 Hoc
991 3915 1075 3978 ipsum
1086 3915 1168 3964 tradit
1178 3915 1297 3967 etArist.

204 3993 255 4056 nis,
267 3990 311 4056 qui
323 3989 486 4039 nibilominus
497 3990 589 4053 etipse
601 3998 671 4040 tutos
680 3992 732 4042 Lu·
768 3991 820 4054 sepi
839 3995 938 4052 tavpac.
960 3985 1061 4051 ὀκοιέσμ.
1105 3991 1193 4054 Propo
1213 3991 1297 4041 lllom-

205 4068 267 4119 cutli
287 4065 378 4130 grandi
398 4079 450 4115 sere
469 4067 616 4116 sestertium
629 4081 732 4132 sr-qna·
769 4069 900 4130 pessulum
913 4067 938 4116 in
951 4067 1009 4116 vico
1021 4079 1096 4130 quem
1115 4072 1209 4116 vocent
1227 4067 1298 4118 Bait·

205 4145 401 4206 driugentornm
429 4140 540 4204 piscium
575 4143 666 4205 pupilli
692 4142 731 4192 sui
768 4140 1103 4204 urguer‚sd1·tpsmemnts
1122 4143 1298 4210 Liriu,vulgo

206 4215 383 4271 usadltsbst.'·
407 4217 602 4274 -Soribenslusm
629 4218 731 4282 ‘pisces
769 4215 851 4278 labia,
861 4216 945 4279 pisces
958 4213 1125 4267 effodiuntur.
1143 4211 1258 4282 ldlpium
1268 4220 1299 4271 fit

206 4297 297 4365 pupilli
314 4297 353 4346 sui
364 4293 534 4356 venditabat,’
552 4300 606 4346 tnm
621 4307 653 4346 ex
666 4295 731 4344 Ver·
769 4295 995 4360 etpropeSslsas,
1015 4308 1100 4346 arcem
1117 4296 1187 4360 regis
1206 4297 1299 4348 Gellia

270 4376 358 4440 Detpt.
370 4379 392 4424 et
405 4373 464 4424 l'ur.
476 4373 540 4423 Clas.
708 4373 812 4427 Plinius.
1164 4382 1194 4426 lb
1212 4379 1234 4427 c
