3126 4892
393 414 424 459 o.
448 410 567 458 aarum
592 409 755 459 suuuunr
783 410 861 458 niu:
881 411 960 460 ιιιι.
982 394 1068 482 (54.)
1192 395 1278 464 5155

181 550 327 602 diutissime
345 567 401 602 auru
426 553 546 614 luctatur,
568 553 649 602 risum
670 559 713 602 ert
749 565 782 600 ex
811 551 941 602 ueteribus
961 552 1104 610 codicibus,
1126 552 1278 617 partlm-cx

183 630 247 678 milri
269 630 406 693 legendum
429 644 500 679 esrae
526 632 617 692 lateque
633 629 711 690 rugia.
749 628 956 690 conjecturali
970 635 1048 678 moute
1064 629 1142 694 ulique
1161 630 1188 679 ιἰι
1205 632 1279 681 uuna

184 706 243 754 llic
263 706 289 754 iu
309 707 359 755 lec
377 721 402 756 se
421 710 502 764 cutulf
526 720 583 755 nem
602 705 711 768 conjicio
749 703 1101 768 mnsilumquurcuter‚oequc
1115 719 1213 756 recurre
1224 721 1279 769 per·

181 782 236 831 ilice
247 781 272 831 in
284 782 346 842 iola,
362 783 471 846 primum
487 798 520 833 co
531 782 599 847 qnod
610 799 626 831 u
637 795 685 846 pro
697 781 711 830 b
748 781 797 830 niel
806 795 851 843 quo
861 781 931 829 liduit
942 780 1059 830 exultaret.
1093 780 1162 830 Num
1178 783 1278 846 scripta

183 859 711 925 usurpentlibrarii‚moxiuioiuatport·
749 857 827 906 lectio
855 857 993 919 tumulum,
1020 871 1072 906 non
1095 858 1228 919 lmsriliru
1250 867 1278 908 et

182 949 253 985 terno
265 936 291 984 in
309 936 357 984 leia
373 934 450 986 facita
467 938 562 986 mutari
582 939 710 1000 potuisse.
747 935 846 997 pernici,
865 949 915 986 non
930 935 1059 1000 pernicius,
1070 936 1195 1000 agnoscit.
1215 936 1278 986 Pirr-

183 1011 250 1062 Qure
263 1025 312 1059 uox
324 1010 356 1060 ad
372 1012 441 1073 orgis
457 1013 553 1076 addita,
564 1014 660 1076 uaginis
675 1016 712 1066 iu·
750 1015 810 1061 liora.

183 1085 260 1136 dnbio
272 1088 408 1137 coustituit
420 1104 426 1137 ι
445 1103 589 1153 quiunquam
601 1090 677 1140 ctiam
689 1091 711 1140 si
868 1089 935 1138 Cur.
946 1100 1003 1137 ιιι.
1021 1087 1062 1137 Dc
1071 1087 1157 1137 ιίιιιὶιί.

183 1175 234 1210 non
252 1163 413 1226 exprimatur
429 1163 489 1227 ibic,
506 1164 711 1228 subintelligitur
782 1164 987 1235 Hominisflguru
998 1163 1124 1228 proximu]
1141 1161 1277 1214 Heborin·

183 1245 269 1288 tamen
287 1237 313 1287 iu
332 1239 380 1289 hac
398 1240 524 1303 oratione,
534 1243 560 1290 ιἰι
578 1242 627 1290 lroec
639 1257 665 1292 ae
680 1243 710 1292 li·
748 1237 788 1288 fra
799 1240 875 1304 liujus
886 1241 1032 1302 argumenti
1045 1241 1172 1304 integrum
1185 1253 1224 1290 xi.
1236 1245 1277 1290 44.

183 1313 256 1372 brou·
273 1315 389 1365 additum
401 1329 473 1376 vero,
485 1330 587 1366 renium
604 1318 712 1368 illuatri·
747 1315 835 1365 ‘Num
865 1315 1014 1372 riruiurrrm‚'
1042 1316 1135 1381 inquit,
1161 1316 1278 1380 ‘genera

182 1403 252 1440 cmm
264 1389 364 1451 reddit;
382 1390 434 1440 loro
446 1394 521 1456 plana
535 1395 641 1458 vaginas
657 1397 711 1458 gia·
748 1389 893 1454 perfectam
908 1392 1016 1440 hominis
1033 1391 1203 1441 imitationem
1215 1405 1277 1441 cou-

182 1466 218 1515 dii
240 1469 372 1517 consecuti
395 1479 462 1517 sant.
498 1470 565 1518 Νιιιιι
588 1485 646 1520 cum
663 1473 710 1521 hoo
747 1469 842 1529 tinent,
861 1467 939 1526 facio,
956 1469 1068 1530 naribus,
1087 1469 1202 1530 auribus,
1223 1471 1277 1534 pal·

182 1551 295 1593 erratum
315 1545 450 1594 admissum
472 1555 548 1604 esset.
569 1555 598 1597 ut
616 1549 710 1610 uuglur's
747 1543 913 1609 pcbrls,'&c.
947 1545 1120 1594 Viduloeutu.
1138 1545 1221 1594 Dulce.

182 1631 230 1680 pro
243 1619 314 1680 rogis
332 1619 385 1668 uic
402 1621 569 1681 scriberetur,
582 1623 637 1685 jam
657 1637 709 1672 non
781 1619 1173 1683 Caudieiuleraediatiuguautur]
1184 1619 1276 1670 Simius

180 1692 327 1756 quadrabat
344 1695 494 1757 praecedens
508 1695 589 1745 dictio
600 1699 711 1760 Ιιιιιᾳιιι,Ι
747 1701 835 1744 curtae
862 1701 890 1744 et
925 1694 1008 1744 cauda
1039 1701 1158 1746 cereales
1188 1695 1277 1746 Graeci

182 1769 249 1818 mala
261 1770 329 1818 enirn
341 1770 446 1820 sonabat
457 1772 484 1820 iu
496 1771 598 1820 auribus
610 1771 710 1821 librarii
746 1769 856 1829 πιθήκους
889 1772 1032 1832 nominant,
1059 1771 1182 1828 caudatos
1215 1785 1277 1820 vero

181 1845 427 1908 quamlibetcrassis
446 1849 711 1911 teccruucdcteque
746 1846 934 1911 ιιιριιιπιθήιιιιιι.
969 1849 1068 1898 Harum
1095 1861 1189 1910 genera
1216 1855 1278 1896 runt

181 1920 284 1981 orginis.
318 1921 405 1974 Quare
417 1936 475 1972 cum
488 1923 711 1987 mutuaturum
747 1927 825 1984 ιιῆβιιι,
844 1924 956 1976 Aristot.
978 1923 1050 1987 οὐρὰν
1075 1923 1182 1986 ἔχιιιιι,
1202 1929 1232 1972 ut
1249 1931 1278 1972 et

181 1996 207 2043 iu
229 1997 260 2045 iia
282 1997 361 2060 gladii
384 1998 540 2060 condantur,
559 2001 710 2050 vocabulum
747 2001 915 2052 callitriches.
952 2001 1056 2049 Festive
1078 2000 1199 2050 Juvenal.
1221 2000 1276 2050 Sat.

179 2073 271 2149 lateque
288 2075 398 2122 mutarit
412 2074 439 2122 in
454 2075 632 2138 gladiorumque
655 2077 711 2138 pul·
749 2090 775 2126 x.
791 2076 824 2125 de
843 2090 937 2139 rugoso
950 2089 1032 2124 rena:
1049 2073 1210 2123 ‘deformem
1230 2089 1276 2137 pro

181 2149 244 2197 clero
255 2146 343 2198 futuro
358 2163 444 2211 sensu,
454 2152 633 2214 gladiorumque
642 2152 710 2213 uugi·
748 2157 809 2201 cute
822 2152 926 2214 pellem,
937 2149 1136 2212 pendentesque
1148 2163 1236 2212 penas,
1248 2156 1277 2200 et

180 2225 228 2286 air,
238 2231 267 2272 ut
278 2226 362 2287 stipiti
374 2225 411 2274 illi
424 2225 568 2276 ridebatur.
601 2226 711 2276 Profec·
748 2230 812 2279 tales
821 2230 909 2292 uspiee
917 2228 1114 2291 rugar,Quales‚
1124 2227 1276 2278 umbriferos

181 2309 209 2349 to
220 2314 344 2363 nusquam
356 2301 441 2349 uerius
453 2307 493 2350 est
506 2301 569 2350 illud
584 2300 710 2351 Artatus·
746 2305 790 2356 ubi
801 2305 895 2370 pandit
914 2305 1031 2354 'l'abrncc
1049 2305 1139 2366 saltus,
1153 2304 1185 2352 ln
1203 2309 1277 2352 retu

175 2375 382 2438 liutitiorum
397 2375 556 2440 ludimurd
574 2375 710 2438 Ελλαινμ·
746 2384 773 2432 le
792 2382 888 2445 scalpit
902 2381 958 2444 jum
981 2387 1064 2430 mater
1085 2379 1160 2429 simia
1179 2378 1276 2430 buecu.¹

178 2453 264 2514 aurei,
278 2469 354 2518 quatu
371 2455 396 2503 in
409 2453 637 2518 depravationibus
649 2468 709 2505 auu
746 2458 866 2508 Festurc
894 2457 1063 2520 ‘Cercolopia
1082 2456 1138 2520 (alil
1171 2459 1278 2506 cereola.

181 2539 276 2592 torum,
288 2529 333 2578 ubi
350 2543 424 2578 unum
437 2535 551 2580 erratum
568 2529 708 2578 admissum
743 2534 805 2598 pec)
821 2534 1002 2598 genuussuum,
1017 2531 1201 2596 qnaeultlmum
1219 2545 1278 2594 pac.

180 2607 268 2655 atatim
292 2607 372 2654 inulta
391 2614 592 2669 consequuntur·
625 2605 709 2670 neges
747 2617 799 2659 tam
811 2609 900 2659 caudae
910 2609 1025 2657 villosam
1036 2605 1130 2656 habet!
1141 2605 1278 2656 Idemclu·

179 2681 269 2745 itaqua
296 2689 324 2729 et
348 2681 493 2744 distingues
520 2687 602 2730 totum
629 2682 710 2732 Plinii
747 2699 792 2735 nar
803 2685 1047 2736 rimiasacluuibus
1059 2683 1126 2734 tritis
1138 2682 1220 2733 dictae
1231 2695 1277 2732 ex·

181 2758 428 2810 locumlrocmodo:
445 2757 590 2808 Suutiliees
605 2760 709 2822 pemici·
747 2763 854 2811 intimat.
882 2759 949 2808 Vide
959 2759 992 2808 ad
1004 2759 1095 2808 eadem
1108 2759 1277 2822 Scaligerum.

181 2833 372 2888 tntummodo,
383 2848 514 2896 querquera
525 2839 621 2884 onerate
631 2835 710 2898 cupite
747 2839 788 2888 Da
806 2837 889 2887 simila
904 2836 984 2885 multe
1001 2836 1102 2884 Solinus
1115 2835 1243 2897 Polyniet.
1253 2849 1277 2882 c.

180 2909 256 2958 rustic
271 2909 381 2960 comibus
399 2912 491 2974 lateque
507 2911 582 2973 cugio.
615 2911 709 2962 lteris
746 2913 844 2977 tuqui
863 2911 953 2961 eedem
971 2924 1030 2974 qum
1049 2909 1091 2958 liic
1109 2907 1163 2958 fara
1180 2909 1276 2958 tradite

180 2985 357 3045 heraclidem,
368 2992 395 3035 ut
406 2991 521 3036 immerito
532 2987 609 3050 ulipuo
619 2993 710 3036 rotetur
748 2989 831 3038 Arist.
840 2987 942 3038 ilistor.
954 2984 1065 3034 Animal.
1075 2997 1108 3032 rr.
1120 2986 1144 3032 8.
1163 2984 1237 3032 Idem.

182 3061 207 3110 iu
217 3068 305 3124 petrus,
323 3061 470 3124 potissimum
487 3067 586 3111 emente
597 3064 675 3125 ulique
684 3063 710 3112 ιἰι
781 3063 906 3113 Matienus
923 3067 947 3109 ct
965 3055 1104 3108 latrunculis
1118 3059 1212 3120 lusisse,
1222 3056 1276 3120 tro]

181 3139 389 3190 diruerentur«
403 3152 518 3201 quaereus,
533 3144 603 3201 utque
617 3154 712 3189 recurro
748 3141 838 3200 Lege:
869 3137 995 3185 Mutiouus
1021 3132 1160 3184 uerrucula
1184 3133 1277 3194 luricae,

178 3215 352 3278 mutuaque
364 3214 434 3264 liduit
446 3217 548 3266 euullot.
575 3215 712 3265 Sententia
741 3214 881 3279 fictuaeero
899 3213 976 3260 icones
993 3211 1044 3259 υἱιιι
1055 3197 1217 3270 distingueres·
1233 3224 1277 3259 oe·

183 3304 250 3339 nuno
269 3298 311 3340 ert
331 3291 486 3354 elarlrrima,
510 3305 568 3354 ques
587 3291 711 3341 hactenus
749 3305 801 3339 reae
824 3289 912 3338 icones
932 3287 1030 3350 optime
1051 3293 1079 3334 ot
1102 3283 1135 3332 ad
1157 3285 1276 3334 nativum

182 3365 365 3418 obscurissima
374 3366 432 3416 fait.
460 3365 632 3419 Restitulmus
646 3381 712 3427 prae·
749 3365 837 3413 vultus
850 3368 1044 3425 repraeseutrut,
1056 3367 1083 3408 et
1094 3360 1163 3408 nulla
1174 3360 1278 3424 pictura

182 3447 256 3492 terea
277 3455 292 3489 e
314 3441 404 3492 codice
426 3443 601 3503 manuscripto
622 3447 711 3503 petrus,
749 3440 886 3491 veritatem
898 3436 1277 3499 mugisiruitaturqrramcera3

184 3516 226 3566 nbi
242 3531 379 3580 perperam
391 3517 417 3566 in
427 3517 540 3579 uulgaria
553 3516 711 3570 editionibus
750 3521 778 3568 ut
794 3513 875 3562 cintius
887 3511 973 3562 sciunt
985 3511 1038 3560 visu
1051 3511 1106 3572 ipro
1118 3509 1277 3572 distinguere

180 3592 256 3654 petris
283 3591 428 3656 legebatur,
449 3597 476 3639 et
501 3605 614 3654 pameas,
643 3592 712 3656 quod
749 3589 835 3640 icones
856 3601 916 3635 cero
934 3585 1009 3634 fictas
1029 3601 1044 3634 a
1065 3585 1133 3635 reris
1154 3585 1277 3636 uirilibus.

183 3667 277 3716 doctus
288 3667 415 3730 quispiam
426 3666 452 3714 in
460 3667 581 3728 cupientes
589 3673 711 3727 mutarat,
750 3664 850 3714 Sulmus.
861 3676 921 3725 pag.
932 3665 989 3710 llo.
1000 3675 1023 3709 a.

182 3756 234 3790 non
248 3751 340 3804 putans
352 3743 416 3791 satis
427 3742 529 3798 Latine.
537 3740 599 3802 dici,
607 3757 713 3804 quereus
783 3740 914 3792 Siculorum
928 3741 1010 3802 generi
1027 3739 1146 3802 precipue
1164 3753 1222 3800 ergo
1232 3739 1280 3798 son

179 3817 314 3868 leumilire.
347 3816 653 3880 {contemperatum
669 3831 714 3879 quo
750 3815 919 3881 lumuffeclio]
937 3816 1024 3879 Lege:
1050 3815 1181 3866 Simiorum
1195 3813 1279 3874 genera·

182 3891 253 3940 libuit
274 3892 373 3947 muru.
396 3892 464 3956 quod
494 3892 564 3956 prins
587 3894 712 3957 rcriptum
749 3893 868 3956 praecipuo
885 3892 1040 3953 ergosoetum
1057 3889 1167 3954 effectio:
1183 3892 1279 3948 gestaru

184 3976 253 4031 erut,
266 3981 363 4017 recursu
376 3969 467 4031 pernici
481 3983 527 4032 quo
538 3967 634 4020 libuerit
644 3971 713 4019 euul-
750 3969 856 4018 catulos:
872 3981 923 4030 quo
933 3967 998 4016 iutro
1009 3968 1089 4014 domos
1102 3977 1220 4025 peperere,
1230 3977 1278 4010 ιιιι·

185 4049 231 4094 lot.
250 4044 368 4094 Rhenan.
751 4042 820 4092 nidus
831 4044 1003 4101 demonstrant,
1010 4039 1156 4100 tractarique
1164 4039 1282 4100 guadeat,

218 4121 340 4170 Emoute
358 4119 436 4180 aliquo
454 4119 481 4168 iu
499 4117 574 4166 cltum
592 4115 714 4166 murilire
749 4117 933 4180 protelationem
966 4113 1152 4176 intelligentibus
1182 4115 1279 4166 similes.

185 4202 324 4261 queratur.
359 4202 430 4260 utque
466 4209 561 4244 recursu
593 4193 714 4257 pernicius
751 4192 820 4244 Vide
833 4191 940 4242 Salmas.
953 4192 1045 4254 pagiua
1056 4193 1114 4239 317.
1125 4203 1148 4238 a.

185 4287 231 4343 pue
246 4273 342 4328 lilueml
358 4270 479 4334 creduut]
496 4267 597 4334 Scribo,
618 4269 713 4333 partim
786 4266 939 4329 ”delerique
954 4268 1058 4328 gaudeat
1074 4263 1279 4328 rimilregrolulu·
