3040 4886
256 365 343 430 5046
603 381 712 432 unua
737 383 936 434 vantonuu
967 385 1007 434 ru

259 523 379 575 modes.
397 524 546 586 [leopardus
560 539 585 573 v.
596 529 636 576 17.
653 525 728 575 Idem.
826 533 908 575 torum
927 541 990 589 qnos
1008 525 1172 590 subjungam.
1206 525 1356 577 Herodotus

293 600 417 663 simias]
435 600 585 651 Herodotm
606 602 631 650 in
646 601 788 664 Melpome·
825 601 851 650 in
874 601 1039 663 Melpomene
1060 603 1097 650 its
1117 603 1172 651 ait:
1195 601 1249 649 ‘ln
1272 609 1358 651 trsotn

262 691 305 727 ne.
323 679 408 728 Doleo.
826 677 960 726 venenatis
982 678 1132 726 animalibus
1162 677 1255 728 infesto
1278 679 1359 728 Garo-
1407 712 1411 716 -

297 753 375 803 suen
396 753 510 804 orimlem
530 754 714 818 oocidentensque
735 755 791 804 diro
827 752 964 815 plissantes
984 753 1112 817 habitant,
1129 769 1217 804 omnes
1237 757 1358 804 mortales

261 829 429 891 iupumotione
449 831 600 894 contuentur]
619 831 730 893 Legend.
753 847 790 882 so·
826 825 1283 894 fagientesonmequecolloquium:
1303 833 1360 879 nul-

263 906 307 953 lent
318 905 432 954 oriminis
446 905 630 970 moidenlonqse
641 907 694 956 diro
704 909 790 971 s'nspre·
829 903 932 965 lumque
953 917 1080 953 armorum
1102 920 1193 970 genos,
1210 908 1265 956 sire
1276 907 1309 956 ad
1321 908 1360 956 itt·

262 979 354 1028 colione
364 980 516 1042 ementur,
532 981 557 1029 id
568 989 621 1043 est,
632 995 790 1046 prosequuti.
828 975 961 1027 lsreudsm
973 993 1019 1028 seu
1035 980 1067 1029 ad
1081 982 1281 1043 propulsandam
1293 983 1361 1046 injo-

267 1063 318 1104 tur.
336 1054 435 1104 Solinus.
447 1059 503 1104 lll.
516 1057 541 1106 b.
829 1055 903 1118 riam,
923 1055 1035 1105 norunt!
1067 1057 1225 1120 Potuponlns
1246 1059 1319 1108 niele
1331 1058 1361 1107 ti-

299 1130 382 1193 Neque
390 1132 507 1181 munnio
514 1133 606 1196 ouant]
618 1132 713 1183 Scribit
721 1133 792 1182 lilar-
830 1131 876 1180 bro
888 1131 985 1193 primo:
1003 1131 1094 1180 ‘Nudi
1107 1141 1167 1182 sunt
1182 1134 1362 1198 Gamphasan-

265 1206 384 1268 nelliuus,
394 1221 452 1256 oum
462 1207 550 1257 Romse
559 1208 701 1256 delatorum
711 1209 792 1271 pestis
830 1213 879 1263 tes,
891 1221 1069 1272 armorumque
1087 1212 1197 1258 omnium
1210 1211 1302 1274 ignari,
1312 1225 1362 1260 nec

265 1284 359 1332 serius
381 1292 551 1346 grassaretur,
569 1299 603 1334 ne
623 1285 721 1334 somnis
737 1285 792 1349 qui·
830 1283 912 1330 vitare
923 1285 1006 1332 soirmt
1027 1284 1088 1346 telo,
1106 1297 1155 1334 uec
1165 1285 1272 1348 jaceres
1290 1287 1363 1334 ideo·

266 1358 325 1408 dem
353 1357 420 1407 nitra
453 1360 512 1407 vite
540 1359 676 1408 discrimen
705 1375 793 1408 assum
831 1369 882 1421 qus
902 1357 991 1406 obvim
1011 1356 1124 1422 lugiunt,
1145 1360 1362 1424 aequanimam,

266 1449 409 1500 quenquam
421 1433 588 1498 patefaceret
608 1435 719 1497 ideoque
731 1450 794 1485 non·
832 1447 908 1495 qnam
920 1433 1014 1497 quibus
1025 1433 1092 1482 idem
1105 1435 1236 1498 ingenium
1249 1442 1300 1496 est,
1318 1445 1364 1486 sut

267 1512 351 1561 nullos
373 1511 513 1572 mosrnisss,
528 1511 597 1575 qnod
617 1511 685 1574 apud
704 1510 795 1560 Atlan-
833 1522 986 1572 congressos
1008 1519 1053 1558 ant
1070 1511 1197 1574 oolloquls
1217 1511 1367 1574 patiuntur!

269 1595 326 1636 teos
342 1588 396 1635 nati
416 1601 465 1635 non
486 1585 604 1642 luissent,
621 1587 664 1635 ubi
677 1587 746 1634 nulls
758 1589 796 1636 si·
833 1583 937 1644 videm,
948 1586 1046 1646 optime
1059 1586 1365 1648 lector,Hrrodotnrn,et

272 1662 365 1711 deutur
387 1663 494 1710 somnia.
517 1660 629 1723 Rhodlp.
646 1673 735 1708 uvir·
759 1666 797 1710 ln.
834 1660 877 1723 qoi
889 1659 921 1708 sb
941 1660 1077 1710 Herodoto
1091 1661 1176 1712 bausit
1187 1663 1367 1727 Pomponium,

272 1741 313 1788 De
335 1739 485 1788 Atlantibus
511 1738 577 1788 idern
608 1739 684 1785 etiam
707 1739 798 1788 scribit
834 1736 901 1785 bano
913 1737 1033 1800 colloquii
1044 1741 1227 1790 aversationem
1243 1742 1367 1791 nonTro·

271 1814 442 1863 'l'ertnllienns
454 1813 521 1862 libro
530 1815 562 1860 de
571 1811 798 1872 Anims,etSolio.
837 1813 949 1876 glodyus
969 1817 1092 1878 tribuere,
1110 1817 1154 1866 sed
1167 1815 1367 1880 Gamplisssnti·

271 1891 398 1955 Polylrist.
416 1905 474 1952 cop·
492 1893 533 1938 dl.
552 1897 579 1937 et
592 1889 662 1938 Mela
675 1901 692 1937 ι.
702 1892 727 1938 8.
746 1889 799 1940 Ds-
837 1889 901 1938 bosi
917 1891 1020 1940 Solinus
1032 1893 1104 1948 item,
1116 1896 1159 1957 qni
1172 1895 1285 1942 Plinium
1299 1900 1368 1942 trau·

272 1967 316 2014 leo.
837 1965 950 2028 scripsit,
972 1966 1005 2015 ob
1022 1968 1046 2014 id
1064 1983 1079 2016 a
1099 1968 1251 2030 quibusdam
1272 1981 1368 2031 pareus

307 2041 681 2106 Troglodploespeeusenoosont.
715 2040 801 2089 Hoeil·
838 2041 939 2090 Plinius
959 2043 1164 2104 cognominatos,
1187 2043 1303 2092 ordinem
1329 2045 1369 2108 ip·

273 2119 304 2168 lis
318 2121 408 2166 donas.
437 2117 529 2176 Victus,
545 2119 688 2180 mrpemimn
705 2131 801 2166 eornm:
838 2130 894 2166 snm
906 2117 1245 2181 Plinienoromrerbosum,
1263 2121 1314 2169 imo
1330 2119 1370 2183 ip·

273 2197 416 2257 stridorque,
427 2209 472 2242 son
482 2209 538 2255 ooo,
548 2195 606 2242 odeo
615 2193 728 2242 mosis
742 2209 804 2242 oom-
839 2200 951 2241 sommet
970 2193 1085 2249 verbum,
1098 2209 1149 2258 qno
1165 2195 1266 2244 Plinius
1278 2196 1370 2257 utitur,

275 2268 466 2330 meldensem]
486 2269 524 2316 Ex
537 2268 667 2318 Herodoti
675 2269 726 2318 boo
738 2269 804 2318 Mel·
840 2282 890 2317 non
903 2268 978 2318 modo
996 2283 1098 2318 sensnm
1110 2269 1182 2319 nobis
1199 2278 1371 2333 representat

277 2357 386 2408 pomene
408 2343 581 2406 desumptum,
600 2351 629 2393 nt
650 2345 718 2409 quod
738 2359 805 2408 pre·
840 2344 1132 2406 eapitessunsvemts:
1146 2347 1370 2410 ‘Gamphasantes

276 2421 355 2470 cessit
382 2419 415 2468 ds
447 2417 604 2469 Atinatibus.
647 2419 805 2484 Pomponius
842 2419 1372 2484 abstinentprreliis,luglrrntesnnnerois.

278 2509 379 2562 quoque
397 2494 489 2558 primo,
505 2507 537 2542 ss
550 2493 640 2543 eodem
658 2493 749 2543 bibens
765 2509 806 2542 se·
841 2493 914 2543 Nulli
926 2507 953 2542 se
965 2502 1073 2544 externo
1084 2497 1182 2545 misceri
1194 2497 1299 2546 sinunt?
1317 2497 1374 2548 Ad·

278 2575 380 2624 liente:
397 2569 601 2635 ·'rroptooyee‚’
624 2570 716 2634 lnquit,
732 2572 805 2620 ‘nob
838 2569 898 2619 lnee
921 2567 1013 2618 l'olsnm
1035 2581 1104 2620 esset
1125 2572 1306 2637 Troglodytas,
1321 2574 1374 2624 etsi

277 2651 361 2699 larum
380 2663 458 2713 opum
476 2647 582 2707 domini,
601 2647 713 2696 strident
726 2648 807 2711 magis
842 2643 968 2695 strideant
980 2647 1061 2710 magis
1070 2661 1148 2711 qnam
1159 2649 1306 2712 loquantur,
1314 2650 1373 2700 ideo

280 2739 357 2791 quem
375 2723 530 2787 loquuntur!
562 2721 679 2785 idipsum
698 2731 726 2772 ot
742 2724 807 2772 Soli·
843 2724 966 2772 samsonis
977 2737 1067 2773 tatere
1079 2727 1243 2789 commertio,
1258 2729 1374 2792 nullique

279 2813 328 2850 nos
340 2800 452 2861 erpul-
484 2797 612 2847 Cternm
621 2805 752 2860 postrema
763 2799 808 2848 ills
842 2805 951 2847 externo
969 2813 996 2848 se
1013 2813 1189 2863 congregem
1210 2815 1269 2851 nam
1288 2802 1374 2852 Plinio

281 2876 371 2932 verbs,
380 2874 446 2923 Adeo
455 2874 568 2922 semonia
577 2873 711 2924 mummio
719 2881 808 2936 comt,
844 2883 950 2924 ouemre
970 2888 995 2924 s.
1014 2881 1039 2924 n.
1057 2889 1113 2924 eum
1123 2876 1288 2941 Troglodytis
1301 2891 1374 2929 oon·

282 2952 343 3018 qnid
368 2951 494 3000 attinebat
516 2950 605 3013 adjici,
626 2965 684 3000 cum
702 2950 809 3000 dixisset
843 2951 967 3000 mercium
988 2961 1028 3001 est
1048 2966 1167 3014 perimit,
1184 2967 1260 3016 quam
1285 2954 1374 3018 appol·

284 3037 358 3093 ante,
367 3027 501 3077 stridorem
513 3028 549 3075 eis
560 3040 628 3086 esse,
640 3040 690 3074 non
702 3029 809 3077 nooemi
847 3027 902 3076 lant
916 3027 1117 3089 Carbonoubms,
1131 3041 1165 3076 ex
1183 3029 1312 3092 AEtlriopis
1330 3030 1375 3079 ad·

281 3107 342 3156 Non
353 3119 416 3154 esne
428 3105 507 3166 magis
522 3117 596 3166 qnam
611 3105 633 3152 si
652 3102 685 3152 de
698 3105 810 3153 moribus
848 3109 946 3152 reottss
964 3102 1032 3166 qnod
1046 3102 1148 3152 Solinus
1161 3117 1265 3169 quoqne
1277 3105 1377 3170 repetit

281 3187 327 3230 sut
354 3177 579 3244 vespertilionibus
606 3180 706 3228 loeutus
732 3187 810 3230 osset.
846 3191 905 3241 esp.
915 3181 956 3228 11.
975 3179 1084 3228 Pmoun.

283 3257 451 3319 Quapropter
467 3260 614 3303 constanter
625 3268 811 3311 moereret-em,
888 3255 994 3305 Plsoms'
1008 3258 1125 3318 qnondam
1138 3257 1219 3307 Persis
1232 3259 1376 3318 multass-

284 3329 810 3394 sdGsmpbssantss,qulstetimreddam·
846 3332 894 3380 isse
920 3332 1033 3381 dierum
1058 3332 1180 3395 Hermus,
1205 3335 1257 3399 ξι]
1286 3335 1375 3400 tege:

284 3416 335 3462 tur,
346 3421 387 3463 en,
398 3419 447 3454 aon
460 3404 492 3453 sd
504 3405 675 3468 Troglodytas
691 3407 810 3464 attinere.
849 3407 966 3456 Plorssrr‘r'
982 3409 1099 3470 quondm
1113 3424 1156 3471 pn·
1165 3425 1190 3460 ss
1205 3409 1378 3472 Μαίων

284 3491 312 3534 et
333 3485 404 3533 illine
421 3483 580 3532 librariorum
606 3483 764 3547 negligentis
784 3483 811 3533 in
849 3485 964 3535 Heredis
973 3486 1006 3534 od
1019 3484 1165 3549 Hespess'dss
1175 3489 1302 3537 tendentis.
1327 3489 1379 3538 Per

286 3563 396 3613 alienam
413 3563 499 3611 sedem
519 3570 664 3612 transvecta
675 3579 740 3614 esse.
774 3565 812 3614 Ut
845 3577 881 3624 se,
903 3563 929 3611 id
949 3568 999 3623 ert,
1016 3571 1109 3626 sponte
1127 3579 1182 3613 sna.
1199 3563 1301 3614 Sulmo.
1319 3580 1378 3629 pag.

286 3639 365 3687 uerba
381 3651 439 3701 qnae
455 3637 487 3687 de
499 3637 734 3701 Gamphasantibus
751 3654 812 3690 eon·
848 3643 905 3688 llo.
921 3639 1035 3688 ‚Plorssi
1055 3641 1170 3701 questions
1187 3640 1268 3690 ΡΜ
1283 3643 1380 3691 oonsiies

285 3712 371 3764 festim
390 3714 571 3769 subtexuntur,
588 3713 812 3765 sdbuacmodum
842 3714 922 3774 seinse
949 3716 1062 3764 dicentur
1089 3715 1212 3780 Herculis]
1241 3717 1379 3767 Phamuios

286 3789 457 3855 concipienda
466 3798 564 3853 putem:
579 3791 764 3854 Gmplmmtes
771 3807 815 3841 nu·
850 3792 998 3841 Marcianus
1010 3797 1037 3840 el
1051 3790 1154 3841 Solinus
1171 3793 1278 3842 amnites
1296 3791 1379 3844 luisse

285 3869 312 3916 di
331 3867 511 3932 pratorumque
530 3871 643 3929 expertes.
676 3867 743 3927 ideo,
765 3883 813 3918 ser·
851 3867 974 3916 Herculis
985 3866 1113 3927 scribunt,
1125 3869 1218 3917 Persas
1236 3866 1316 3918 luisse
1328 3883 1380 3918 son

286 3944 362 3992 monis
372 3941 508 3990 commercio
517 3945 606 3990 sormi.
642 3941 710 3990 Nulli
718 3949 814 3992 extenso
848 3943 976 3992 scribunt.
1018 3943 1134 3993 Proinde
1159 3945 1273 3993 nonnulli
1293 3945 1381 4008 legen-

288 4018 522 4079 congregatumque.
557 4015 623 4079 Ideo,
635 4017 815 4079 iuqusm‘lepo,
852 4016 912 4065 dum
932 4017 972 4067 bio
993 4025 1139 4081 esuumant,
1152 4033 1201 4068 nee
1218 4021 1319 4068 omnino
1335 4020 1381 4068 sb·

289 4107 339 4142 non
366 4094 431 4142 odeo.
471 4089 643 4154 Approbrbit‚
669 4101 741 4152 puto,
767 4094 816 4141 boo
852 4091 1382 4158 surde2Pbm'asiiquondosnporseeosrits'·

289 4179 402 4221 nostrum
413 4176 593 4230 commentum,
610 4167 654 4232 qul
666 4166 815 4231 diligentius
852 4169 904 4224 bas,
916 4171 970 4220 siue
982 4171 1187 4232 mmiloludsisse
1197 4173 1307 4221 dicuntur
1319 4173 1382 4222 Her·

289 4245 445 4313 expenderit
461 4244 649 4309 contuleritque
667 4245 818 4296 verbosae·
852 4244 930 4302 errlist
956 4245 1050 4310 quibos
1071 4259 1157 4311 neque
1178 4249 1281 4298 omnino
1302 4245 1382 4300 fidem
