3168 4898
277 319 395 430 5236·
623 373 731 424 uorm
756 373 1020 424 veniundum

311 521 361 580 Qui
376 518 503 584 digmut]
519 516 657 580 Dividunt,
675 518 698 566 ot
718 519 805 578 ropels.
875 513 1062 578 Ersrspcrtitss
1087 513 1161 564 morli
1186 527 1292 577 corpora,
1315 511 1370 576 tra]

312 600 397 662 Capra
416 598 547 660 superiores
568 611 614 645 sou
631 601 697 656 suut,
718 600 806 657 mater
843 591 1018 656 Hippocrates
1029 592 1151 656 Aptiorir.
1163 606 1206 641 ur.
1224 597 1266 640 25.
1287 591 1371 640 Datse.

275 674 390 737 primores
399 672 519 734 geminos]
536 672 632 720 Verum
643 671 691 720 hoc
703 685 752 719 noo
766 684 806 718 es·
878 669 1024 718 Teruissima
1044 669 1190 732 serpentibus
1216 675 1239 717 et
1260 665 1371 728 trientes]

278 763 316 811 se,
327 763 405 812 supro
416 749 515 798 Plinius
534 748 805 808 monstrarit,nrrtlnm
844 744 953 794 Pleutns
973 745 998 792 in
1021 743 1156 796 Asiusriae
1174 745 1247 793 ‘Fac
1267 756 1371 806 proser-

278 823 395 874 saribens
411 837 509 874 cornua
521 823 625 886 bebere,
639 823 681 872 cai
693 835 805 884 superno
844 827 948 881 pentem
958 818 1076 876 bestiam,
1088 819 1217 883 duplicem
1228 826 1256 868 ut
1264 817 1370 868 babeam

277 900 404 962 primores
420 906 509 949 essent
528 899 629 958 dentes,
646 899 806 962 sumpsitque
842 893 974 957 lingnam!
1007 895 1039 946 ln
1058 897 1182 946 Paenula:
1194 889 1207 928 '¹
1220 895 1271 946 Qui
1283 902 1372 944 nostra

277 975 303 1024 id
316 989 350 1024 ex
363 973 504 1026 Aristotele
516 988 548 1024 ιι.
560 977 584 1022 l.
597 973 708 1023 Plotius.
843 971 936 1020 venisti
947 972 998 1021 hnc
1006 980 1134 1024 tentatum
1140 972 1258 1036 merulis,
1268 971 1373 1020 Blsulca

312 1053 374 1115 Apri
392 1048 539 1116 percutiant]
558 1049 660 1099 Exertis
676 1049 806 1100 dentibus.
843 1046 940 1111 lingue,
952 1049 1024 1112 qussi
1040 1063 1195 1113 proserpens
1208 1044 1306 1098 beitis.'
1338 1046 1371 1095 In

279 1128 363 1178 Datos.
843 1121 937 1174 Poros:
959 1125 1110 1190 ‘Tanasm
1122 1137 1276 1189 proserpens
1288 1121 1372 1172 bostis

311 1201 745 1266 Seddsoissnperaparre1l'iperae
753 1213 806 1248 ms·
843 1196 963 1263 bilinguis
985 1207 1035 1262 est,
1057 1207 1084 1250 et
1106 1198 1249 1252 scelestus!
1288 1197 1371 1248 Arist.

278 1277 300 1328 ri
311 1285 429 1344 quatuor,
441 1277 551 1327 soeminm
563 1277 624 1328 duo.
639 1277 723 1326 Datec.
844 1266 946 1337 quidem
958 1275 989 1325 de
1001 1276 1075 1325 Part.
1087 1274 1198 1325 Animot.
1209 1273 1255 1324 lib.
1268 1287 1299 1324 ιι.
1310 1288 1371 1336 cap.

314 1355 470 1405 terrestrium
486 1353 586 1404 moesto
607 1341 806 1416 quadrupedibus]
843 1352 890 1400 ult.
918 1351 1041 1401 bisulcum
1065 1352 1178 1414 lingnam
1205 1349 1372 1414 serpentibus

278 1431 420 1493 Cuniculis,
431 1431 530 1493 sciuris,
540 1428 676 1483 soricibus,
692 1424 807 1482 cunibus,
845 1423 945 1489 tribuit,
954 1441 1004 1476 non
1016 1426 1156 1476 trisulcem.
1172 1422 1248 1476 Idem.

280 1508 330 1554 &u
349 1505 424 1556 idem.
877 1501 969 1564 Salina,
992 1501 1079 1552 iuoitat
1098 1493 1130 1551 ad
1150 1501 1251 1564 rabiem]
1282 1501 1310 1552 st
1331 1501 1373 1551 iro

311 1581 442 1630 Mutantur
449 1579 550 1644 mutus]
568 1578 645 1628 Anno
656 1591 718 1626 vero
728 1575 807 1638 septi·
844 1576 1373 1638 concirent,ooaaneneresumntantur,

278 1653 644 1720 moiereprimumdecidunl.
661 1652 771 1700 Plautus
779 1649 807 1697 in
844 1658 890 1699 snt
906 1650 1033 1701 devorato
1051 1649 1156 1703 animoli
1171 1661 1306 1708 reuensto.
1324 1667 1372 1716 pu-

278 1730 409 1780 Menseeh.
436 1729 522 1782 ‘Quot
541 1742 600 1778 cras
623 1729 701 1776 runos
722 1733 807 1782 ustus,
845 1726 911 1776 trire
934 1740 1022 1792 esrae,
1045 1729 1262 1780 contrectantium
1285 1736 1395 1778 cutem·

278 1815 373 1858 comte
383 1804 684 1872 poteropstrissrehiti
696 1803 734 1853 M.
744 1803 808 1865 Sep·
845 1801 983 1851 lambendo
995 1802 1096 1852 ssdsnt.
1115 1803 1198 1859 Dulce.
1306 1801 1309 1810 '

278 1877 809 1944 tenuiornomtnmdentesmitnicsdebent
878 1879 953 1928 Rauis
972 1879 1049 1941 prima
1069 1881 1181 1943 aalma,
1202 1880 1255 1944 tro]
1285 1882 1371 1943 Lege:

278 1958 434 2022 primulum.'
445 1957 809 2016 ldeminMercutore,‘puer
845 1953 924 2002 &ris
940 1955 1019 2017 prima
1034 1955 1143 2018 cubaret,
1158 1957 1250 2005 intuma
1266 1957 1375 2008 absoluo

277 2041 319 2084 est
328 2033 373 2083 ille
384 2032 497 2099 quidem,
509 2032 604 2092 stults3
625 2028 808 2093 Numitiiqui·
844 2036 986 2094 agutture,
1006 2047 1052 2096 qna
1073 2047 1150 2081 rocem
1169 2032 1267 2080 mittrmt
1288 2048 1374 2101 mares,

278 2111 338 2161 dem
357 2111 425 2162 hsnd
441 2125 503 2162 sone
521 2109 566 2159 diu
582 2115 623 2159 est
642 2121 700 2158 cunr
718 2105 808 2156 dentes
844 2111 1016 2156 amumcastsr
1023 2107 1160 2170 olotpgiues.
1180 2107 1251 2155 Staio
1262 2112 1373 2178 tempore,

279 2186 450 2236 exciderunt!
470 2187 551 2236 Doleo.
843 2182 884 2243 tro.
901 2182 1007 2232 Salmas.
1019 2186 1091 2233 1³18.
1102 2198 1124 2233 a.

312 2261 463 2316 Montilares,
484 2258 539 2324 tra]
556 2259 614 2310 Hoc
631 2258 724 2309 istrum
740 2271 807 2314 esse,
882 2258 914 2306 Ut
924 2258 1035 2307 intercidi
1043 2273 1083 2308 eas
1091 2258 1232 2322 recesserit]
1246 2258 1276 2308 ln
1286 2256 1372 2322 Ancy-

278 2335 338 2386 ride
349 2337 419 2400 apud
430 2337 560 2386 veratium
573 2350 592 2385 ι.
605 2339 646 2384 lt.
667 2332 742 2382 Idem.
845 2335 964 2396 noglosso
976 2333 1072 2384 morbo·
1092 2333 1177 2385 Datos.

313 2413 407 2461 Caetera
422 2411 525 2461 maribus
535 2408 625 2474 plures]
642 2409 747 2458 Falsum
758 2407 808 2456 hoc
878 2407 1068 2472 Septbrsoserme
1081 2425 1153 2472 anuo,
1170 2410 1225 2474 bo]
1244 2411 1308 2462 Cum
1322 2417 1372 2462 lsr-

278 2500 311 2536 es
322 2485 471 2536 Aristotelis
480 2483 640 2535 tirtePtinius
653 2481 742 2533 trudit.
759 2481 799 2529 td.
845 2485 960 2535 dissime.
978 2486 1054 2536 idem.

314 2561 451 2612 iimarctsus
482 2560 590 2609 Nicoclis
607 2557 679 2622 ¹iilius
706 2554 807 2619 Papisii]
880 2561 939 2610 Ura
960 2561 1064 2625 nomine]
1090 2562 1255 2625 Qurrgutiools
1274 2563 1373 2628 potius.

278 2638 447 2688 Scribeudum
460 2650 532 2685 reor:
554 2635 693 2685 Timarchus
703 2631 808 2681 Nicoclis
846 2634 932 2685 Morbi
942 2649 1034 2684 nornen
1043 2651 1093 2685 usa
1104 2643 1153 2686 err.
1168 2637 1244 2688 Idem,

276 2714 343 2764 itlius
359 2714 506 2776 patrrducs,
525 2715 566 2776 bc.
600 2709 695 2759 Pollux
714 2707 760 2758 lib.
774 2721 806 2757 ιι.
879 2711 1040 2774 Hauooperit
1056 2713 1082 2760 iu
1099 2713 1223 2777 epulando,
1243 2715 1374 2779 suspiriis

279 2803 337 2852 esp.
353 2788 386 2840 de
408 2787 554 2839 Dentibus:
572 2783 710 2836 ‘Nicoclis
722 2792 807 2833 nutem
845 2793 869 2846 et
885 2802 938 2836 roos
957 2788 1013 2836 illae
1029 2789 1132 2852 meante]
1157 2790 1311 2840 Necessaria
1332 2799 1374 2842 est

280 2864 370 2928 Cyprii
392 2871 475 2928 pater,
499 2860 531 2910 ud
550 2875 625 2926 quem
644 2859 807 2909 Atheniensi!
845 2865 961 2916 hocloco
977 2865 1128 2928 diligentior
1145 2867 1268 2916 attenua:
1285 2868 1374 2918 beeri

280 2938 394 3002 sophista
414 2937 520 2987 morulis
539 2935 644 2999 scripsit
664 2943 808 2996 precepto,
846 2940 963 2989 adhibite
982 2941 1025 3003 sit,
1052 2954 1103 2990 noo
1126 2941 1281 3004 displicebit.
1301 2951 1374 3006 puto,

278 3014 428 3062 Timarchus
436 3013 546 3068 nomine,
557 3011 684 3074 duplicem
694 3011 808 3058 ordinem
846 3021 1019 3066 commentum
1030 3024 1154 3066 nostrum.
1181 3017 1307 3066 Existimo
1318 3033 1374 3066 ver.

279 3088 395 3137 dentium
407 3086 514 3136 nabaiot
533 3087 679 3135 Pronomen
689 3085 753 3134 illitu
764 3083 808 3133 nd·
848 3091 881 3142 ba
895 3091 952 3141 brec
968 3091 1058 3140 ordine
1077 3091 1182 3142 tnrbnto
1197 3093 1373 3157 scriptumst,

275 3163 344 3226 jecit
356 3162 467 3224 Plinius,
483 3161 552 3225 qumi
570 3161 632 3210 clari
646 3161 769 3224 principis
781 3167 809 3210 et
846 3167 1033 3232 scribendoque
1051 3168 1083 3217 nd
1104 3169 1169 3218 banc
1182 3169 1302 3220 modum:
1322 3171 1374 3218 Ex.

279 3238 404 3290 celebrati
422 3238 590 3288 monumentis
603 3237 669 3288 tonui
681 3235 810 3290 Oratoris.
847 3244 919 3292 tator
929 3257 1009 3292 earnis
1019 3245 1259 3307 appellationum,
1275 3245 1372 3310 spirita,

281 3316 396 3365 Plotina.
846 3332 874 3367 ac
886 3333 939 3367 noce
949 3320 991 3368 illa
1005 3324 1105 3382 meam,
1122 3321 1153 3370 ad
1162 3322 1294 3382 pulmonem
1303 3326 1374 3382 atque

244 3453 249 3464 ι
314 3390 481 3440 Duoscrdires
492 3386 641 3451 baluibtra]
653 3389 694 3438 De
705 3387 809 3438 Mithri·
847 3395 1022 3456 eorpertiueus.
1049 3393 1373 3460 Hascoperitiueputauda‚

280 3465 348 3516 datis
362 3463 413 3515 filiu
429 3465 454 3514 id
470 3480 571 3530 quoque
583 3465 702 3515 Valerius
720 3465 810 3514 scribit
847 3470 907 3517 ssesi
922 3473 991 3531 potus
1008 3467 1101 3518 cidissus
1116 3469 1218 3518 alteram
1228 3469 1373 3518 deerraverit

280 3541 324 3592 lib.
335 3556 355 3592 1.
367 3544 400 3592 de
411 3543 553 3592 Mirscutis.
571 3543 657 3592 Doleo.
846 3544 974 3607 tramitem,
984 3549 1101 3607 torqueat·
1132 3537 1217 3592 Altera
1224 3543 1324 3591 interior
1330 3550 1375 3606 est,

315 3618 416 3666 Ceteris
426 3623 519 3666 sessola
534 3617 672 3667 rubescunt:
688 3632 745 3681 equo
757 3623 810 3668 tau·
847 3620 979 3682 appellatur
997 3633 1055 3668 sare
1074 3617 1140 3681 ruta.
1159 3633 1206 3681 qua
1222 3611 1287 3667 cibus
1303 3625 1374 3684 atque

282 3697 341 3756 issu,
351 3692 404 3756 tre]
419 3691 591 3742 scribendum
611 3693 810 3743 existimatioes·
845 3700 916 3758 potss
930 3697 1065 3744 deseratur·
1099 3691 1186 3742 Tendit
1202 3693 1252 3742 boee
1273 3696 1305 3743 ad
1326 3701 1375 3743 sto·

280 3773 345 3827 curt.
359 3782 410 3818 non
426 3767 550 3818 rubescunt
559 3785 569 3828 ,·
585 3775 615 3818 ut
631 3768 693 3818 illud
706 3769 811 3818 Ovidis·
847 3771 961 3825 ruaeiuuu,
973 3771 1056 3820 deiude
1066 3771 1212 3820 iooertrem.
1246 3769 1318 3819 Hane
1332 3785 1376 3832 por

282 3857 341 3892 num
369 3843 400 3891 de
425 3843 541 3894 luridis:
566 3843 669 3892 ‘livent
691 3845 810 3907 rubigine
846 3847 908 3896 aines
928 3846 1012 3908 operit,
1033 3861 1085 3895 eum
1103 3844 1203 3908 spiritns
1221 3849 1314 3894 tautum
1331 3851 1373 3894 aut

281 3918 391 3969 dentes·'
433 3919 587 3970 Aristoteles
604 3932 635 3968 ιι.
656 3922 681 3968 ³.
699 3918 810 3983 'Agitur
847 3937 893 3970 mx
903 3928 1024 3984 commeat,
1042 3936 1071 3971 se
1087 3921 1234 3984 restagnatio
1248 3921 1317 3970 aliani
1335 3921 1373 3969 is·

281 4006 353 4047 certe
365 3999 391 4046 in
403 3999 475 4063 equis
492 4003 584 4046 contra
601 4003 678 4060 utque
694 3995 719 4043 in
732 4006 810 4046 recte·
846 3997 981 4061 tempestiua
1001 3995 1127 4062 obstrepat.
1170 3997 1229 4045 Hoc
1251 4005 1329 4060 pacto
1350 3995 1373 4044 si

282 4073 317 4121 ris
338 4074 506 4134 animalibus3
531 4087 589 4122 cum
614 4071 682 4120 enim
705 4073 809 4122 caeteris
846 4075 927 4136 tegas,
943 4071 1219 4136 porordoserrsbitur
1236 4072 1262 4121 in
1277 4071 1373 4120 descri-

282 4151 308 4196 in
323 4156 458 4199 senectute
470 4149 560 4198 dentes
573 4149 731 4211 nigrescunt,
742 4163 809 4214 equo
847 4149 932 4198 bends
948 4156 1057 4214 utroque
1074 4147 1159 4198 fistulo
1180 4162 1195 4197 a
1214 4146 1372 4210 praestantis-

281 4222 444 4275 esndidiores
453 4222 610 4276 redduntur!
622 4223 731 4276 Plotina.
848 4222 912 4272 sima
920 4223 1064 4288 scriptore;
1079 4238 1137 4276 nrm
1149 4221 1268 4290 primum,
1279 4235 1372 4272 nomen
